@misc{test,
        author={{test author}},
        title={test title},
        month={test published in month},
        year={test published in year 2011},
        howpublished={\url{http://through.web.page/cool}},
}