@misc{remote_logging,
  author = {Hal Pomeranz, Deer Run Associates},
  title = {Remote Logging with SSH and Syslog-NG},
  howpublished = \url{http://www.deer-run.com/~hal/sysadmin/SSH-SyslogNG.html}
}

